<?xml version="1.0" encoding="UTF-8"?><collection xmlns="http://www.loc.gov/MARC21/slim"><record><leader>00394nam--2200169-i-4500</leader><controlfield tag="001">000015520</controlfield><controlfield tag="002">20161230</controlfield><controlfield tag="005">20170115223703</controlfield><controlfield tag="008">060222s1000------------r-----000-0-eng-d</controlfield><datafield ind1=" " ind2=" " tag="080"><subfield code="a">681.5</subfield></datafield><datafield ind1=" " ind2=" " tag="100"><subfield code="a">Bicu, Mircea</subfield></datafield><datafield ind1=" " ind2=" " tag="245"><subfield code="a">Roboti industriali</subfield></datafield><datafield ind1=" " ind2=" " tag="260"><subfield code="a">Cluj-Napoca</subfield><subfield code="b">Editura Dacia</subfield><subfield code="c">1985</subfield></datafield><datafield ind1=" " ind2=" " tag="300"><subfield code="a">464 p</subfield></datafield><datafield ind1=" " ind2=" " tag="700"><subfield code="a">Pop, Ioan I</subfield></datafield><datafield ind1=" " ind2=" " tag="852"><subfield code="a">72878</subfield></datafield><datafield ind1=" " ind2=" " tag="CAT"><subfield code="a">SYS</subfield><subfield code="c">20170115</subfield><subfield code="h">223703</subfield></datafield></record></collection>